<record><leader>00000cas a2200000 i 4500</leader><controlfield tag="001">55494762</controlfield><controlfield tag="006">m     o  d        </controlfield><controlfield tag="007">cr cn|||||||||</controlfield><controlfield tag="008">040527c19uu9999ncuwr neo     0    0eng c</controlfield><datafield ind1=" " ind2=" " tag="010"><subfield code="a">  2015238507</subfield></datafield><datafield ind1=" " ind2=" " tag="040"><subfield code="a">AMH</subfield><subfield code="b">eng</subfield><subfield code="e">rda</subfield><subfield code="c">AMH</subfield><subfield code="d">OCLCQ</subfield><subfield code="d">OCLCF</subfield><subfield code="d">OCLCO</subfield><subfield code="d">IUL</subfield><subfield code="d">OCL</subfield><subfield code="d">COO</subfield><subfield code="d">HTM</subfield><subfield code="d">OCLCQ</subfield></datafield><datafield ind1=" " ind2=" " tag="019"><subfield code="a">664617029</subfield><subfield code="a">843129570</subfield></datafield><datafield ind1=" " ind2=" " tag="042"><subfield code="a">pcc</subfield></datafield><datafield ind1=" " ind2=" " tag="043"><subfield code="a">n-us-nc</subfield></datafield><datafield ind1="1" ind2="4" tag="050"><subfield code="a">F264.C4</subfield><subfield code="b">C74</subfield></datafield><datafield ind1="0" ind2=" " tag="130"><subfield code="a">Creative loafing (Charlotte, N.C. : Online)</subfield></datafield><datafield ind1="1" ind2="0" tag="245"><subfield code="a">Creative loafing.</subfield></datafield><datafield ind1=" " ind2="1" tag="264"><subfield code="a">Charlotte, N.C. :</subfield><subfield code="b">CL-Charlotte, Inc.</subfield></datafield><datafield ind1=" " ind2=" " tag="300"><subfield code="a">online resource</subfield></datafield><datafield ind1=" " ind2=" " tag="310"><subfield code="a">Weekly</subfield></datafield><datafield ind1=" " ind2=" " tag="336"><subfield code="a">text</subfield><subfield code="b">txt</subfield><subfield code="2">rdacontent</subfield></datafield><datafield ind1=" " ind2=" " tag="337"><subfield code="a">computer</subfield><subfield code="b">c</subfield><subfield code="2">rdamedia</subfield></datafield><datafield ind1=" " ind2=" " tag="338"><subfield code="a">online resource</subfield><subfield code="b">cr</subfield><subfield code="2">rdacarrier</subfield></datafield><datafield ind1=" " ind2=" " tag="530"><subfield code="a">Also issued in print.</subfield></datafield><datafield ind1=" " ind2=" " tag="538"><subfield code="a">Mode of access: World Wide Web.</subfield></datafield><datafield ind1=" " ind2=" " tag="588"><subfield code="a">Description based on print version; title from Alt-PressWatch title screen.</subfield></datafield><datafield ind1=" " ind2=" " tag="588"><subfield code="a">Latest issue consulted: V. 29, no. 17 (June 18-24, 2015) (surrogate).</subfield></datafield><datafield ind1=" " ind2="0" tag="650"><subfield code="a">Amusements</subfield><subfield code="z">North Carolina</subfield><subfield code="z">Charlotte</subfield><subfield code="v">Newspapers.</subfield></datafield><datafield ind1=" " ind2="0" tag="650"><subfield code="a">Arts</subfield><subfield code="z">North Carolina</subfield><subfield code="z">Charlotte</subfield><subfield code="v">Newspapers.</subfield></datafield><datafield ind1=" " ind2="0" tag="651"><subfield code="a">Charlotte (N.C.)</subfield><subfield code="x">Social life and customs</subfield><subfield code="v">Newspapers.</subfield></datafield><datafield ind1=" " ind2="4" tag="650"><subfield code="a">Internet resources.</subfield></datafield><datafield ind1=" " ind2="4" tag="650"><subfield code="a">Electronic journals.</subfield></datafield><datafield ind1=" " ind2="7" tag="650"><subfield code="a">Amusements.</subfield><subfield code="2">fast</subfield><subfield code="0">(OCoLC)fst00808105</subfield></datafield><datafield ind1=" " ind2="7" tag="650"><subfield code="a">Arts.</subfield><subfield code="2">fast</subfield><subfield code="0">(OCoLC)fst00817721</subfield></datafield><datafield ind1=" " ind2="7" tag="650"><subfield code="a">Manners and customs.</subfield><subfield code="2">fast</subfield><subfield code="0">(OCoLC)fst01007815</subfield></datafield><datafield ind1=" " ind2="7" tag="651"><subfield code="a">North Carolina</subfield><subfield code="z">Charlotte.</subfield><subfield code="2">fast</subfield><subfield code="0">(OCoLC)fst01204596</subfield></datafield><datafield ind1=" " ind2="7" tag="655"><subfield code="a">Newspapers.</subfield><subfield code="2">fast</subfield><subfield code="0">(OCoLC)fst01423814</subfield></datafield><datafield ind1=" " ind2=" " tag="752"><subfield code="a">United States</subfield><subfield code="b">North Carolina</subfield><subfield code="c">Mecklenburg</subfield><subfield code="d">Charlotte.</subfield></datafield><datafield ind1="0" ind2="8" tag="776"><subfield code="i">Print version:</subfield><subfield code="t">Creative loafing (Charlotte, N.C.)</subfield><subfield code="w">(OCoLC)34797893</subfield></datafield><datafield ind1="4" ind2="0" tag="856"><subfield code="u">http://proquest.umi.com/</subfield></datafield><datafield ind1="4" ind2="0" tag="856"><subfield code="u">http://WC2VB5MT8E.search.serialssolutions.com/?sid=sersol&amp;SS_jc=JC_000529851&amp;title=Creative+Loafing;+Charlotte</subfield></datafield><datafield ind1="4" ind2="0" tag="856"><subfield code="u">http://charlotte.creativeloafing.com/gyrobase/index</subfield></datafield></record>